
@misc{catlike_mesh_deformation,
    author = {Jasper Flick},
    title = {Mesh Deformation},
    howpublished = {catlikecoding.com},
    url = {https://catlikecoding.com/unity/tutorials/mesh-deformation/},
    note = {Retrieved: 28.10.2018},
}

@inproceedings{jakobsen_advanced_character_physics,
  title={Advanced character physics},
  author={Jakobsen, Thomas},
  booktitle={Game developers conference},
  volume={3},
  year={2001},
  organization={IO Interactive, Copenhagen Denmark}
}

@misc{mosegaards_clothing_simulation,
    author = {Jesper Mosegaard},
    title = {Mosegaards Cloth Simulation Coding Tutorial},
    howpublished = {viscomp.alexandra.dk},
    url = {https://viscomp.alexandra.dk/?p=147},
    note = {Retrieved: 30.10.2018},
}
